@ARTICLE{Franco2020,
  author={Franco, Francisco J. and Clemente, Juan A. and Korkian, Golnaz and Fabero, Juan C. and Mecha, Hortensia and Velazco, Raoul},
  journal={IEEE Transactions on Nuclear Science}, 
  title={{Inherent Uncertainty in the Determination of Multiple Event Cross Sections in Radiation Tests}}, 
  year={2020},
  volume={67},
  number={7},
  pages={1547-1554},
  doi={10.1109/TNS.2020.2977698}}

@ARTICLE{Tausch2009,
	author={Tausch, Hans J.},
	journal={IEEE Transactions on Nuclear Science}, 
	title={{Simplified Birthday Statistics and Hamming EDAC}}, 
	year={2009},
	volume={56},
	number={2},
	pages={474-478},
	doi={10.1109/TNS.2009.2012710}}

@article{bezanson2017julia,
	title={Julia: A fresh approach to numerical computing},
	author={Bezanson, Jeff and Edelman, Alan and Karpinski, Stefan and Shah, Viral B},
	journal={SIAM review},
	volume={59},
	number={1},
	pages={65--98},
	year={2017},
	publisher={SIAM},
	doi={10.1137/141000671}
}
@article{Franco2017,
	author = {Franco, Francisco J. and others},
	doi = {10.1109/TNS.2017.2726938},
	journal = {IEEE Transactions on Nuclear Science},
	number = {8},
	pages = {2152--2160},
	title = {{Statistical Deviations From the Theoretical Only-SBU Model to Estimate MCU Rates in SRAMs}},
	volume = {64},
	year = {2017}
}
@article{Fabero2020,
	author={Fabero, Juan C. and others},
	doi = {10.1109/TNS.2020.2977874},
	journal = {IEEE Transactions on Nuclear Science},
	number = {7},
	pages = {1461--1469},
	title = {{Single Event Upsets Under 14-MeV Neutrons in a 28-nm SRAM-Based FPGA in Static Mode}},
	volume = {67},
	year = {2020}
}
@ARTICLE{Tsiligiannis2014a,
	author={Tsiligiannis, G. and Dilillo, L. and Bosio, A. and Girard, P. and Pravossoudovitch, S. and Todri, A. and Virazel, A. and Puchner, H. and Frost, C. and Wrobel, F. and Saigné, F.},
	journal={IEEE Transactions on Nuclear Science}, 
	title={{Multiple Cell Upset Classification in Commercial SRAMs}}, 
	year={2014},
	volume={61},
	number={4},
	pages={1747-1754},
	doi={10.1109/TNS.2014.2313742}}

@ARTICLE{Tsiligiannis2014b,
	author={Tsiligiannis, G. and Dilillo, L. and Gupta, V. and Bosio, A. and Girard, P. and Virazel, A. and Puchner, H. and Bosser, A. and Javanainen, A. and Virtanen, A. and Frost, C. and Wrobel, F. and Dusseau, L. and Saigné, F.},
	journal={IEEE Transactions on Nuclear Science}, 
	title={{Dynamic Test Methods for COTS SRAMs}}, 
	year={2014},
	volume={61},
	number={6},
	pages={3095-3102},
	doi={10.1109/TNS.2014.2363123}}

@mastersthesis{Gupta2017,
	author = {Viyas Gupta},
	school = {Université de Montpellier},
	title = {{Analysis of single event radiation effects and fault mechanisms in SRAM, FRAM and NAND Flash : application to the MTCube nanosatellite project.}},
	note = {Electronics.  English. ffNNT : 2017MONTS087ff. fftel-01954572f. Available on https://tel.archives-ouvertes.fr/tel-01954572},
	year = {2017}
}

